<?xml version="1.0" encoding="UTF-8"?><collection xmlns="http://www.loc.gov/MARC21/slim"><record><leader>00356nam--2200145-i-4500</leader><controlfield tag="001">000039297</controlfield><controlfield tag="002">20161230</controlfield><controlfield tag="005">20161230201042</controlfield><controlfield tag="008">060222s1000------------r-----000-0-eng-d</controlfield><datafield ind1=" " ind2=" " tag="080"><subfield code="a">621.3.049.77</subfield></datafield><datafield ind1=" " ind2=" " tag="100"><subfield code="a">Roddy,Dennis</subfield></datafield><datafield ind1=" " ind2=" " tag="245"><subfield code="a">Initiere in microelectronica</subfield></datafield><datafield ind1=" " ind2=" " tag="260"><subfield code="a">Bucuresti, Ed.Tehnica, 1982. 231 P</subfield></datafield><datafield ind1=" " ind2=" " tag="490"><subfield code="a">Seria Initiere</subfield></datafield><datafield ind1=" " ind2=" " tag="852"><subfield code="a">49962</subfield></datafield></record></collection>